@book{01-1,
  author={ハインリッヒ・クットルフ},
  year={2003},
  title={室内音響学 -建築の響きとその理論-},
  publisher={市ケ谷出版社},
  edition={},
  pages={273}
}

@article{01-2,
  title={Analysis of Sabine and Eyring equations and their application to concert hall audience and chair absorption},
  author={Beranek, Leo L},
  journal={The Journal of the Acoustical Society of America},
  volume={120},
  number={3},
  pages={1399--1410},
  year={2006},
  publisher={ASA}
}

@book{01-3,
  author = {前川純一 and 森本政之 and 坂上公博 },
  year = {2011},
  title = {建築・環境音響学},
  publisher = {共立出版},
  address = {},
  edition = {3}
}

%%%%%%%%%%%%%%%%%%%%%%%%%%%%%%%

@book{02-1,
  author = {レオ・L.ベラネク and 日高孝之 and 永田穂 },
  year = {2005},
  title = {コンサートホールとオペラハウス 音楽と空間の響きと建築},
 publisher = {シュプリンガー・フェアラーク東京},
  address = {},
  edition = {}
}

@book{02-2,
  author = {日本騒音制御工学会},
  year = {2001},
  title = {騒音制御工学ハンドブック},
  publisher = {技報堂},
  edition = {}
}

@book{02-3,
  author = {CATT},
  year = {2002},
  title = {CATT-Acoustic v8.0 User's Manual},
  publisher = {},
  edition = {}
}

@book{02-4,
  author = {小林茂雄 and 中島裕輔 and 西村直也 and 古屋浩 and 吉永美香},
  year = {2014},
  title = {はじめての建築環境工学},
  publisher = {彰国社},
  edition = {}
}

@InProceedings{02-5,
  author = {尾本章},
  year = {2005},
  title = {1.幾何音響学の考え方, 特集 : されど幾何音響シミュレーション},
  booktitle = {音響技術},
  volume = {34},
  number = {129},
  pages = {2-7},
}

@InProceedings{02-6,
  author = {石田康二},
  year = {2005},
  title = {3.幾何音響学に基づく各種シミュレーション手法について, 特集 : されど幾何音響シミュレーション},
  booktitle = {音響技術},
  volume = {34},
  number = {129},
  pages = {14-23},
}

@article{02-7,
  title={40109 矩形室の残響特性に関する研究: 縮尺模型実験による四周壁と矩形室の残響時間 (音場理論・解析 (3), 環境工学 I, 2013 年度日本建築学会大会 (北海道) 学術講演会・建築デザイン発表会)},
  author={土屋裕造 and 佐久間哲哉},
  journal={学術講演梗概集},
  volume={2013},
  pages={225--226},
  year={2013},
  publisher={一般社団法人日本建築学会}
}

@article{02-8,
  title={40117 矩形室の残響特性に関する研究 その 2: 端部散乱のモデル化に関する検討 (室内音響, 環境工学 I, 2014 年度日本建築学会大会 (近畿) 学術講演会・建築デザイン発表会)},
  author={土屋裕造 and 佐久間哲哉},
  journal={学術講演梗概集},
  volume={2014},
  pages={247--248},
  year={2014},
  publisher={一般社団法人日本建築学会}
}

@book{organizacion1993iso,
  title={ISO 9613-1: 1993, Acoustics: attenuation of sound during propagation outdors. Caldulation of the absorption of sound by the atmosphere},
  author={Organizaci{\'o}n Internacional de Normalizaci{\'o}n},
  year={1993},
  publisher={International Organization for Standardization}
}

@article{森本政之1997室内音響心理評価のための物理指標,
  title={室内音響心理評価のための物理指標 (小特集 : 室内音響設計の現状と課題)},
  author={森本政之},
  journal={日本音響学会誌},
  volume={53},
  number={4},
  pages={316--319},
  year={1997},
  publisher={一般社団法人 日本音響学会}
}

@misc{iso3382,
  title={Acoustics — Measurement of room acoustic parameters — Part 1 : Performance spaces},
  author={ISO3382-1 : 2009},
  year={2009},
  publisher={International Organization for Standardization Geneva, Switzerland}
}

@misc{iso2004acoustics,
  title={Acoustics—Sound-Scattering Properties of Surfaces—Part 1: Measurement of the Random-Incidence Scattering Coefficient in a Reverberation Room},
  author={ISO 17497-1: 2004},
  year={2004},
  publisher={International Organization for Standardization Geneva, Switzerland}
}

@article{barron1988energy,
  title={Energy relations in concert auditoriums. I},
  author={Barron, Mike and Lee, L-J},
  journal={The Journal of the Acoustical Society of America},
  volume={84},
  number={2},
  pages={618--628},
  year={1988},
  publisher={ASA}
}

@book{bunsanbunseki,
  author = {石村貞夫 and 石村光資朗},
  year = {2014},
  title = {入門はじめての分散分析と多重比較},
  publisher = {共立出版},
  address = {},
  edition = {6}
}

@book{flying,
  author = {M.David Egan},
  year = {1988},
  title = {ARCHITECTURAL ACOUSTICS},
  publisher = {McGraw-Hill Book Company},
  address = {},
  edition = {}
}

@inproceedings{day2016philharmonie,
  title={The Philharmonie de Paris-Acoustic design and commissioning},
  author={Day, Christopher and Marshall, Harold and Scelo, Thomas and Valentine, Joanne and Exton, Peter},
  booktitle={Proceedings of ACOUSTICS},
  pages={1--15},
  year={2016}
}